@incollection{hurni2010landform,
    year={2010},
    isbn={978-3-540-75760-3},
    booktitle={Landform - Structure, Evolution, Process Control},
    volume={115},
    series={Lecture Notes in Earth Sciences},
    editor={Otto, Jan-Christoph and Dikau, Richard},
    doi={10.1007/978-3-540-75761-0_1},
    title={Cartographic Relief Presentation Revisited - Forty Years after Eduard Imhof},
    url={http://dx.doi.org/10.1007/978-3-540-75761-0_1},
    publisher={Springer Berlin Heidelberg},
    keywords={Eduard Imhof; Cartography; Topographic maps; Relief presentation; Contour lines; Hill shading; Analytical shading; Swiss-style colour relief shading; Rock drawing},
    author={Hurni, Lorenz},
    pages={1-20},
    language={English}
}

@online{hopkins1996weather,
    author = {Edward J. Hopkins},
    title = {Surface Weather Analysis Chart},
    year = 1996,
    url = {http://www.meteor.wisc.edu/~hopkins/aos100/sfc-anl.htm},
    urldate = {2015-05-20},
    language  = {english},
}

@online{openstreetmapContours,
    author = {Andy Allan and Steve Hill and Christoph Eckert and Harry Wood et al},
    title = {Contours},
    year = 2015,
    url = {http://wiki.openstreetmap.org/wiki/Contours},
    urldate = {2015-05-23},
    language  = {english},
}

@INPROCEEDINGS{tang2014ctImages, 
    author={San Tang and Yi Guo and Yuanyuan Wang and Wanli Cao and Fukang Sun}, 
    booktitle={Audio, Language and Image Processing (ICALIP), 2014 International Conference on}, 
    title={Segmentation and 3D visualization of pheochromocytoma in contrast-enhanced CT images}, 
    year={2014}, 
    month={July}, 
    pages={39-43}, 
    keywords={cardiovascular system;computerised tomography;feature extraction;image segmentation;medical image processing;neurophysiology;statistical analysis;tumours;3D isosurface rendering;CT histogram analysis method;DICOM format;Digital Imaging-and-Communication-in-Medicine format;LRLSM method;MC algorithm;adrenal tumors;clinical statistics;contrast-enhanced CT images;feature extraction;image segmentation;intratumoral necrosis;intuitive 3D visualization;lethal cardiovascular complications;localized region-based level set method;marching cube algorithm;multiphase contrast-enhanced computed tomography images;pheochromocytoma diagnosis;three-dimensional visualization;tumor-necrosis volume ratio;Computed tomography;Image segmentation;Isosurfaces;Portals;Rendering (computer graphics);Three-dimensional displays;contrast-enhanced computed tomography;intratumoral necrosis;pheochromocytoma;segmentation;three-dimensional visualization}, 
    doi={10.1109/ICALIP.2014.7009753},
}
