@INPROCEEDINGS{yang2008waterDroplet, 
    author={Tzung Han Yang and Chin Pan and Hon Ming Hsieh}, 
    booktitle={Nano/Micro Engineered and Molecular Systems, 2008. NEMS 2008. 3rd IEEE International Conference on}, 
    title={Molecular dynamics simulation of interactions between a nano water droplet and an isothermal platinum surface}, 
    year={2008}, 
    month={Jan}, 
    pages={1129-1133}, 
    keywords={drops;evaporation;film condensation;liquid films;liquid theory;molecular dynamics method;nucleation;platinum;surface diffusion;water;H2O;Pt;S-H model;TIP4P potential model;agglomeration;harmonic molecules;isothermal platinum surface;molecular dynamics simulations;nano-water droplet;nucleation;phantom atoms;surface diffusion coefficient;thin film evaporation;vapor condensation;water molecules;Argon;Atomic layer deposition;Dynamic programming;Isothermal processes;Platinum;Solids;Surface treatment;Systems engineering and theory;Temperature;Transistors;Condensation nucleation;Molecular dynamics;Nano droplet;Spreading;Thin film evaporation}, 
    doi={10.1109/NEMS.2008.4484516},
}

@INPROCEEDINGS{alexander2011clusteringBioPymol, 
    author={Alexander, N. and Woetzel, N. and Meiler, J.}, 
    booktitle={Computational Advances in Bio and Medical Sciences (ICCABS), 2011 IEEE 1st International Conference on}, 
    title={Bcl::Cluster: A method for clustering biological molecules coupled with visualization in the Pymol Molecular Graphics System}, 
    year={2011}, 
    month={Feb}, 
    pages={13-18}, 
    keywords={biology computing;molecular biophysics;molecular configurations;pattern clustering;proteins;bcl::cluster;biological molecule clustering;dendrograms;hierarchical agglomerative clustering method;protein structure;pymol molecular graphics system;Biological information theory;Clustering algorithms;Clustering methods;Color;Couplings;Proteins;Pymol;analysis;clustering;molecules;proteins;visualization}, 
    doi={10.1109/ICCABS.2011.5729867},
}