@INPROCEEDINGS{acharya2015memoryEfficientCT, 
    author={Acharya, Aditya and Natarajan, Vijay}, 
    booktitle={Visualization Symposium (PacificVis), 2015 IEEE Pacific}, 
    title={A parallel and memory efficient algorithm for constructing the contour tree}, 
    year={2015}, 
    month={April}, 
    pages={271-278}, 
    keywords={Algorithm design and analysis;Data visualization;Level set;Memory management;Parallel algorithms;Program processors;Vegetation;I.3.5 [Computer Graphics]: Computational Geometry and Object Modeling}, 
    doi={10.1109/PACIFICVIS.2015.7156387},
}

@inproceedings{aydogan2013contourTreeBinary,
    title = {Contour tree connectivity of binary images from algebraic graph theory},
    author = {Aydogan, D.B. and Hyttinen, J.},
    booktitle = {IEEE International Conference on Image Processing (ICIP)},
    year = {2013},
    location = {Melbourne, Australia},
    language  = {english},
}

@inproceedings{bajaj1997contourSpectrum,
  title={The contour spectrum},
  author={Bajaj, Chandrajit L and Pascucci, Valerio and Schikore, Daniel R},
  booktitle={Proceedings of the 8th conference on Visualization'97},
  pages={167--ff},
  year={1997},
  organization={IEEE Computer Society Press}
}

@online{carr2001computingCountourTrees,
    author = {Hamish Carr and Jack Snoeyink and Ulrike Axen},
    title = {Computing Contour Trees in All Dimensions},
    year = 2001,
    url = {http://www.csi.ucd.ie/staff/hcarr/home/research/publications/contourtreealgorithm.pdf},
    urldate = {2015-03-16},
    language  = {english},
}

@online{carr2001computingCountourTrees_fehlendeAbbildungen,
    author = {Hamish Carr and Jack Snoeyink and Ulrike Axen},
    title = {Computing Contour Trees in All Dimensions},
    year = 2001,
    url = {https://graphics.stanford.edu/courses/cs468-03-winter/Papers/carr-contour-soda.pdf},
    urldate = {2015-02-10},
    language  = {english},
}

@online{carr2001computingCountourTrees_web,
    author = {Hamish Carr and Jack Snoeyink and Ulrike Axen},
    title = {Efficient computation of Contour Trees},
    year = 2001,
    url = {http://www.csi.ucd.ie/staff/hcarr/home/research/contourtrees/contourtrees.html},
    urldate = {2015-03-16},
    language  = {english},
}

@article{carr2003computingCountourTrees,
    title = {Computing contour trees in all dimensions },
    journal = {Computational Geometry },
    volume = {24},
    number = {2},
    pages = {75 - 94},
    year = {2003},
    note = {Special Issue on the Fourth \{CGC\} Workshop on Computational Geometry },
    issn = {0925-7721},
    doi = {http://dx.doi.org/10.1016/S0925-7721(02)00093-7},
    url = {http://www.sciencedirect.com/science/article/pii/S0925772102000937},
    author = {Hamish Carr and Jack Snoeyink and Ulrike Axen},
    keywords = {Iso-surfaces; Simplicial meshes; Morse theory; Resolving singularities},
}

@incollection{carr2009representingInterpolantTopology,
    year={2009},
    isbn={978-3-540-88605-1},
    booktitle={Topology-Based Methods in Visualization II},
    series={Mathematics and Visualization},
    editor={Hege, Hans-Christian and Polthier, Konrad and Scheuermann, Gerik},
    doi={10.1007/978-3-540-88606-8_5},
    title={Representing Interpolant Topology for Contour Tree Computation},
    url={http://dx.doi.org/10.1007/978-3-540-88606-8_5},
    publisher={Springer Berlin Heidelberg},
    author={Carr, Hamish and Snoeyink, Jack},
    pages={59-73},
    language={English}
}

@article{carr2010flexibleIsosurfaces,
    title = "Flexible isosurfaces: Simplifying and displaying scalar topology using the contour tree ",
    journal = "Computational Geometry ",
    volume = "43",
    number = "1",
    pages = "42 - 58",
    year = "2010",
    note = "Special Issue on the 14th Annual Fall Workshop ",
    issn = "0925-7721",
    doi = "http://dx.doi.org/10.1016/j.comgeo.2006.05.009",
    url = "http://www.sciencedirect.com/science/article/pii/S0925772109000455",
    author = "Hamish Carr and Jack Snoeyink and Michiel van de Panne",
    keywords = {Morse theory; Contour trees; Visualization; Isosurfaces},
}

@article{chiang2005contourTreesUsingMonotonePaths,
    title = "Simple and optimal output-sensitive construction of contour trees using monotone paths ",
    journal = "Computational Geometry ",
    volume = "30",
    number = "2",
    pages = "165 - 195",
    year = "2005",
    note = "Special Issue on the 19th European Workshop on Computational Geometry ",
    issn = "0925-7721",
    doi = "http://dx.doi.org/10.1016/j.comgeo.2004.05.002",
    url = "http://www.sciencedirect.com/science/article/pii/S0925772104000811",
    author = "Yi-Jen Chiang and Tobias Lenz and Xiang Lu and Günter Rote",
    keywords = {Computational topology; Level sets; Piecewise linear Morse theory},
}

@inproceedings{edelsbrunner2004timeVaryingReebGraphs,
  title={Time-varying reeb graphs for continuous space-time data},
  author={Edelsbrunner, Herbert and Harer, John and Mascarenhas, Ajith and Pascucci, Valerio},
  booktitle={Proceedings of the twentieth annual symposium on Computational geometry},
  pages={366--372},
  year={2004},
  organization={ACM}
}

@article{kettner2003timeDependentVolumeData,
    title = "The Safari interface for visualizing time-dependent volume data using iso-surfaces and contour spectra ",
    journal = "Computational Geometry ",
    volume = "25",
    number = "1–2",
    pages = "97 - 116",
    year = "2003",
    note = "European Workshop on Computational Geometry - \{CG01\} ",
    issn = "0925-7721",
    doi = "http://dx.doi.org/10.1016/S0925-7721(02)00132-3",
    url = "http://www.sciencedirect.com/science/article/pii/S0925772102001323",
    author = "Lutz Kettner and Jarek Rossignac and Jack Snoeyink",
    keywords = {Scientific visualization; Computational topology; Simplicial mesh},
}

@article{laney2006turbulentMixingLayer, 
    author={Laney, D. and Bremer, P.-T. and Mascarenhas, A. and Miller, P. and Pascucci, V.}, 
    journal={Visualization and Computer Graphics, IEEE Transactions on}, 
    title={Understanding the Structure of the Turbulent Mixing Layer in Hydrodynamic Instabilities}, 
    year={2006}, 
    month={Sept}, 
    volume={12}, 
    number={5}, 
    pages={1053-1060}, 
    keywords={Rayleigh-Taylor instability;bubbles;computational fluid dynamics;geometry;hydrodynamics;topology;turbulence;Morse theory;Rayleigh-Taylor instability;bubble growth;falling spikes;geometric tracking;heavy fluid;hydrodynamic instabilities;light fluid;multiscale analysis technique;original interface plane;rising bubbles;segmentations;statistical measures;tiny vertical perturbations;topological features;turbulent mixing layer;Acceleration;Analytical models;Application software;Extraterrestrial measurements;Fluid dynamics;Hydrodynamics;Large-scale systems;Particle measurements;Shape;Time measurement;Morse theory;multi-resolution;topology}, 
    doi={10.1109/TVCG.2006.186}, 
    ISSN={1077-2626},
}

@book{milnor1963morse,
  title={Morse theory},
  author={Milnor, John Willard},
  number={51},
  year={1963},
  publisher={Princeton university press}
}

@inproceedings{pascucci2004multiResolutionComputation,
  title={Multi-resolution computation and presentation of contour trees},
  author={Pascucci, Valerio and Cole-McLaughlin, Kree and Scorzelli, Giorgio},
  booktitle = {IASTED Conference on Visualization, Imaging, and Image Processing},
  year={2004},
  organization={Citeseer},
  url = {http://www.pascucci.org/topology/contour_tree/},
}

@article{raichel2014avoidingGlobalSort,
  author    = {Benjamin Raichel and
               C. Seshadhri},
  title     = {A Mountaintop View Requires Minimal Sorting: {A} Faster Contour Tree
               Algorithm},
  journal   = {CoRR},
  volume    = {abs/1411.2689},
  year      = {2014},
  url       = {http://arxiv.org/abs/1411.2689},
  timestamp = {Mon, 01 Dec 2014 14:32:13 +0100},
  biburl    = {http://dblp.uni-trier.de/rec/bib/journals/corr/RaichelS14},
  bibsource = {dblp computer science bibliography, http://dblp.org}
}

@article{shinagawa1991surfaceBasedOnMorse,
  title={Surface coding based on Morse theory},
  author={Shinagawa, Yoshihisa and Kunii, Tosiyasu L and Kergosien, Yannick L},
  journal={IEEE Computer Graphics and Applications},
  number={5},
  pages={66--78},
  year={1991},
  publisher={IEEE}
}

@ARTICLE{silver1997trackingTurbulent3DFeatures, 
    author={Silver, D. and Wang, X.}, 
    journal={Visualization and Computer Graphics, IEEE Transactions on}, 
    title={Tracking and visualizing turbulent 3D features}, 
    year={1997}, 
    month={Apr}, 
    volume={3}, 
    number={2}, 
    pages={129-141}, 
    keywords={computer vision;data visualisation;digital simulation;feature extraction;flow simulation;flow visualisation;image matching;optical tracking;physics computing;rendering (computer graphics);turbulence;3D time-varying fluid dataset visualization;3D time-varying simulations;color coding;computational fluid dynamics;computer vision;connected voxel regions;evolutionary history;evolving amorphous regions;feature extraction;feature matching;feature tracking;full-volume representations;isosurface visualization;multidimensional visualization;octree forests;patterns;regions of interest;spatial overlap;time steps;turbulent 3D features;volume rendering;Amorphous materials;Computational fluid dynamics;Computational modeling;Computer displays;Computer vision;Data visualization;History;Isosurfaces;Multidimensional systems;Silver}, 
    doi={10.1109/2945.597796}, 
    ISSN={1077-2626},
}

@ARTICLE{sohn2006timeVaryingContourTopology, 
    author={Sohn, B.-S. and Bajaj, C.}, 
    journal={Visualization and Computer Graphics, IEEE Transactions on}, 
    title={Time-varying contour topology}, 
    year={2006}, 
    month={Jan}, 
    volume={12}, 
    number={1}, 
    pages={14-25}, 
    keywords={computational geometry;data visualisation;graphical user interfaces;surface fitting;trees (mathematics);contour tree;data visualization;graph theory;interactive user interface;isosurface extraction;time-varying contour topology;Computational modeling;Computed tomography;Data mining;Data visualization;Isosurfaces;Level set;Rendering (computer graphics);Topology;Tree graphs;User interfaces;Contour tree;feature tracking;level set topology;time-varying volume visualization.;Algorithms;Computer Graphics;Computer Systems;Image Enhancement;Image Interpretation, Computer-Assisted;Imaging, Three-Dimensional;Pattern Recognition, Automated;Time Factors;User-Computer Interface}, 
    doi={10.1109/TVCG.2006.16}, 
    ISSN={1077-2626},
}

@INPROCEEDINGS{szymczak2005contourEvolutionInTimeDependentScalarFields, 
    author={Szymczak, A.}, 
    booktitle={Shape Modeling and Applications, 2005 International Conference}, 
    title={Subdomain aware contour trees and contour evolution in time-dependent scalar fields}, 
    year={2005}, 
    month={June}, 
    pages={136-144}, 
    keywords={computational geometry;data visualisation;trees (mathematics);contour merging;contour splitting;contour tree;time-dependent scalar field;Analytical models;Bifurcation;Character recognition;Computational fluid dynamics;Computational modeling;Educational institutions;Isosurfaces;Merging;Topology;Visualization}, 
    doi={10.1109/SMI.2005.45},
}

@inproceedings{tarasov1998constructionOfContourTrees,
 author = {Tarasov, Sergey P. and Vyalyi, Michael N.},
 title = {Construction of Contour Trees in 3D in O(N Log N) Steps},
 booktitle = {Proceedings of the Fourteenth Annual Symposium on Computational Geometry},
 series = {SCG '98},
 year = {1998},
 isbn = {0-89791-973-4},
 location = {Minneapolis, Minnesota, USA},
 pages = {68--75},
 numpages = {8},
 url = {http://doi.acm.org/10.1145/276884.276892},
 doi = {10.1145/276884.276892},
 acmid = {276892},
 publisher = {ACM},
 address = {New York, NY, USA},
}

@inproceedings{vanKreveld1997isosurfaceTraversal,
 author = {van Kreveld, Marc and van Oostrum, Ren{\'e} and Bajaj, Chandrajit and Pascucci, Valerio and Schikore, Dan},
 title = {Contour Trees and Small Seed Sets for Isosurface Traversal},
 booktitle = {Proceedings of the Thirteenth Annual Symposium on Computational Geometry},
 series = {SCG '97},
 year = {1997},
 isbn = {0-89791-878-9},
 location = {Nice, France},
 pages = {212--220},
 numpages = {9},
 url = {http://doi.acm.org/10.1145/262839.269238},
 doi = {10.1145/262839.269238},
 acmid = {269238},
 publisher = {ACM},
 address = {New York, NY, USA},
} 