@article{borgo2013glyph,
  journal={Eurographics State of the Art Reports},
  title={Glyph-based visualization: Foundations, design guidelines, techniques and applications},
  author={Borgo, Rita and Kehrer, Johannes and Chung, David H and Maguire, Eamonn and Laramee, Robert S and Hauser, Helwig and Ward, Matthew and Chen, Min},
  year={2013},
  pages={39-63},
}

@ARTICLE{maguire2012taxonomyBasedGlyphDesign, 
    author={Maguire, E. and Rocca-Serra, P. and Sansone, S.-A. and Davies, J. and Min Chen}, 
    journal={Visualization and Computer Graphics, IEEE Transactions on}, 
    title={Taxonomy-Based Glyph Design - with a Case Study on Visualizing Workflows of Biological Experiments}, 
    year={2012}, 
    month={Dec}, 
    volume={18}, 
    number={12}, 
    pages={2603-2612}, 
    keywords={biology computing;data visualisation;design;application-specific abstraction;biological experiment;concept categorization;discriminative capacity ordering;glyph-based visualization;icon design;metaphor;multivariate information presentation;public archive;taxonomy-based glyph design;visual channel;visual search;workflow visualization;Data visualization;Glyph design;Glyph-based techniques;bioinformatics visualization;design methodologies;taxonomies}, 
    doi={10.1109/TVCG.2012.271}, 
    ISSN={1077-2626},
}

@ARTICLE{maguire2013visualCompression, 
    author={Maguire, E. and Rocca-Serra, P. and Sansone, S.-A. and Davies, J. and Min Chen}, 
    journal={Visualization and Computer Graphics, IEEE Transactions on}, 
    title={Visual Compression of Workflow Visualizations with Automated Detection of Macro Motifs}, 
    year={2013}, 
    month={Dec}, 
    volume={19}, 
    number={12}, 
    pages={2576-2585}, 
    keywords={bioinformatics;data compression;data visualisation;automated macromotif detection;biological data repository;candidate macro computation;data curation tasks;data repositories;glyph design;macro candidate identification;macro glyph;state transition information;visual compression;workflow graphs;workflow visualizations;Algorithm design and analysis;Biological system modeling;Data visualization;Semantics;Algorithm design and analysis;Biological system modeling;Data visualization;Semantics;Workflow visualization;glyph generation;glyph-based visualization;motif detection;state-transition-based algorithm;Algorithms;Computer Graphics;Data Compression;Information Storage and Retrieval;Pattern Recognition, Automated;Reproducibility of Results;Sensitivity and Specificity;User-Computer Interface;Workflow}, 
    doi={10.1109/TVCG.2013.225}, 
    ISSN={1077-2626},
}