@online{FileFormatSpecificationMMPLD,
    author = {Sebastian Grottel},
    title = {File Format Specification MMPLD},
    year = 2014,
    url = {https://cloud.visus.uni-stuttgart.de/public.php?service=files&t=b859555761a09c5857a705bb1ec3c932&download=},
    urldate = {2015-04-28},
    language  = {english},
}

@inproceedings{topoinvis09grottel,
    author = {Grottel, Sebastian and Dietrich, Carlos A. and Comba, Jo\~{a}o L. D. and Ertl, Thomas},
    title = {Topological Extraction and Tracking of Defects in Crystal Structures},
    year = {2009},
    pages = {167--178},
    publisher = {Springer},
    url = {http://www.visus.uni-stuttgart.de/uploads/tx_vispublications/topoinvis09-grottel.pdf},
    urldate = {2015-02-10},
    language  = {english},
}

@inproceedings{vis07grottel,
    author = {Grottel, Sebastian and Reina, Guido and Vrabec, Jadran and Ertl, Thomas},
    title = {Visual Verification and Analysis of Cluster Detection for Molecular Dynamics},
    year = {2007},
    booktitle = {Proceedings of IEEE Visualization '07},
    volume = {13},
    number = {6},
    pages = {1624--1631},
    url = {http://doi.acm.org/10.1109/TVCG.2007.70614},
    doi = {10.1109/TVCG.2007.70614}
}