@online{ComputingContourTrees,
    author = {Hamish Carr and Jack Snoeyink and Ulrike Axen},
    title = {Computing Contour Trees in All Dimensions},
    year = 1999,
    url = {https://graphics.stanford.edu/courses/cs468-03-winter/Papers/carr-contour-soda.pdf},
    urldate = {2015-02-10},
    language  = {english},
}

@online{ContourTreeAlgorithm,
    author = {Hamish Carr and Jack Snoeyink and Ulrike Axen},
    title = {Computing Contour Trees in All Dimensions},
    year = 2001,
    url = {http://www.csi.ucd.ie/staff/hcarr/home/research/publications/contourtreealgorithm.pdf},
    urldate = {2015-03-16},
    language  = {english},
}

@online{ContourTreeJoinSplit,
    author = {Hamish Carr and Jack Snoeyink and Ulrike Axen},
    title = {Efficient computation of Contour Trees},
    year = 2001,
    url = {http://www.csi.ucd.ie/staff/hcarr/home/research/contourtrees/contourtrees.html},
    urldate = {2015-03-16},
    language  = {english},
}

@online{SkeletonExtraction,
    author = {Oscar Kin-Chung Au and Chiew-Lan Tai and Hung-Kuo Chu and Daniel Cohen-Or and Tong-Yee Lee},
    title = {Skeleton Extraction by Mesh Contraction},
    year = 2008,
    url = {http://www.math.tau.ac.il/~dcor/articles/2008/Skeleton-Extraction.pdf},
    urldate = {2015-02-10},
    language  = {english},
}

@inproceedings{topoinvis09grottel,
    author = {Grottel, Sebastian and Dietrich, Carlos A. and Comba, Jo\~{a}o L. D. and Ertl, Thomas},
    title = {Topological Extraction and Tracking of Defects in Crystal Structures},
    year = {2009},
    pages = {167--178},
    publisher = {Springer},
    url = {http://www.visus.uni-stuttgart.de/uploads/tx_vispublications/topoinvis09-grottel.pdf},
    urldate = {2015-02-10},
    language  = {english},
}

@inproceedings{vis07grottel,
    author = {Grottel, Sebastian and Reina, Guido and Vrabec, Jadran and Ertl, Thomas},
    title = {Visual Verification and Analysis of Cluster Detection for Molecular Dynamics},
    year = {2007},
    booktitle = {Proceedings of IEEE Visualization '07},
    volume = {13},
    number = {6},
    pages = {1624--1631},
    url = {http://doi.acm.org/10.1109/TVCG.2007.70614},
    doi = {10.1109/TVCG.2007.70614}
}

@ARTICLE{4015464, 
    author={Laney, D. and Bremer, P.-T. and Mascarenhas, A. and Miller, P. and Pascucci, V.}, 
    journal={Visualization and Computer Graphics, IEEE Transactions on}, 
    title={Understanding the Structure of the Turbulent Mixing Layer in Hydrodynamic Instabilities}, 
    year={2006}, 
    month={Sept}, 
    volume={12}, 
    number={5}, 
    pages={1053-1060}, 
    keywords={Rayleigh-Taylor instability;bubbles;computational fluid dynamics;geometry;hydrodynamics;topology;turbulence;Morse theory;Rayleigh-Taylor instability;bubble growth;falling spikes;geometric tracking;heavy fluid;hydrodynamic instabilities;light fluid;multiscale analysis technique;original interface plane;rising bubbles;segmentations;statistical measures;tiny vertical perturbations;topological features;turbulent mixing layer;Acceleration;Analytical models;Application software;Extraterrestrial measurements;Fluid dynamics;Hydrodynamics;Large-scale systems;Particle measurements;Shape;Time measurement;Morse theory;multi-resolution;topology}, 
    doi={10.1109/TVCG.2006.186}, 
    ISSN={1077-2626},
}