@article{bylaska2013extendingTimeMD,
   author = "Bylaska, Eric J. and Weare, Jonathan Q. and Weare, John H.",
   title = "Extending molecular simulation time scales: Parallel in time integrations for high-level quantum chemistry and complex force representations",
   journal = "The Journal of Chemical Physics",
   year = "2013",
   volume = "139",
   number = "7", 
   eid = 074114,
   url = "http://scitation.aip.org/content/aip/journal/jcp/139/7/10.1063/1.4818328",
   doi = "http://dx.doi.org/10.1063/1.4818328" 
}

@article{cao2013cancer,
  title={The novel BH3 $\alpha$-helix mimetic JY-1-106 induces apoptosis in a subset of cancer cells (lung cancer, colon cancer and mesothelioma) by disrupting Bcl-xL and Mcl-1 protein--protein interactions with Bak},
  author={Cao, Xiaobo and Yap, Jeremy L and Newell-Rogers, MK and Peddaboina, Chander and Jiang, Weihua and Papaconstantinou, Harry T and Jupitor, Dan and Rai, Arun and Jung, Kwan-Young and Tubin, Richard P and others},
  journal={Molecular Cancer},
  volume={12},
  number={1},
  pages={42},
  year={2013},
  publisher={BioMed Central Ltd}
}

@article{cohen2007proteins,
  title={O2 migration pathways are not conserved across proteins of a similar fold},
  author={Cohen, Jordi and Schulten, Klaus},
  journal={Biophysical journal},
  volume={93},
  number={10},
  pages={3591--3600},
  year={2007},
  publisher={Elsevier}
}

@article{delhaise1984computerAnimation,
    title = "Interactive computer animation of macromolecules ",
    journal = "Journal of Molecular Graphics ",
    volume = "2",
    number = "4",
    pages = "103 - 106",
    year = "1984",
    issn = "0263-7855",
    doi = "http://dx.doi.org/10.1016/0263-7855(84)80002-8",
    url = "http://www.sciencedirect.com/science/article/pii/0263785584800028",
    author = "P Delhaise and M Bardiaux and S Wodak",
    keywords = "macromolecular animation",
    keywords = "BRUGEL",
    keywords = "conformational analysis ",
    abstract = "Conformational properties of complex macromolecules are studied using a number of simulation techniques including energy minimization and molecular dynamics Analysis of conformational parameters and their evaluation in the course of the simulation process is a crucial part of the study but proves to be an extremely tedious and time-consuming task Software tools which incorporate computer graphics, animation and numerical operations in an interactive database environment, should make the process much more efficient A system for performing interactive animation of molecular motion using the \{BRUGEL\} graphics package is described By ‘interactive’ is meant not only control over animation speed but also the possibility of freezing the animation stream at will and analysing individual conformations with the same tools available for analysis of complex molecular models This is implemented for two distinct animation cases: for non-affine transformations by streaming coordinate data from disc storage and for rigid-body movement by streaming orthogonal transformation matrices "
}

@article{grottel2014trajectories,
  author = {Grottel, S. and Heinrich, J. and Weiskopf, D. and Gumhold, S.},
  title = {Visual Analysis of Trajectories in Multi-Dimensional State Spaces},
  affiliations = {CGV,VISUS},
  areas = {VA},
  projects = {VICCI},
  journal = {Computer Graphics Forum},
  issn = {1467-8659},
  url = {http://dx.doi.org/10.1111/cgf.12352},
  doi = {10.1111/cgf.12352},
  volume = {33},
  number = {6},
  pages = {310--321},
  keywords = {visualization, continuous-time, parallel coordinate plots, scatterplots,   I.3.3 [Computer Graphics]: Picture/Image Generation Line and curve generation I.3.8 [Computer Graphics]: Applications Visualization},
  year = {2014}
}

@article{keesman2013springs,
  title={Dynamical eigenmodes of various bead-spring systems},
  author={Keesman, R},
  year={2013}
}

@online{mcBride2013pathIntegral_web,
    author = {Carl McBride},
    title = {Path integral formulation},
    year = 2013,
    language  = {english},
    urldate = {2015-07-22},
    url = {http://www.sklogwiki.org/SklogWiki/index.php/Path_integral_formulation},
    organization={Universidad Nacional de Educación a Distancia}
}

@article{nerukh2008temporalPatternsMD,
  title = {Complex temporal patterns in molecular dynamics: A direct measure of the phase-space exploration by the trajectory at macroscopic time scales},
  author = {Nerukh, Dmitry and Ryabov, Vladimir and Glen, Robert C.},
  journal = {Phys. Rev. E},
  volume = {77},
  issue = {3},
  pages = {036225},
  numpages = {11},
  year = {2008},
  month = {Mar},
  publisher = {American Physical Society},
  doi = {10.1103/PhysRevE.77.036225},
  url = {http://link.aps.org/doi/10.1103/PhysRevE.77.036225}
}

@article{sathe2011graphene,
  title={Computational investigation of DNA detection using graphene nanopores},
  author={Sathe, Chaitanya and Zou, Xueqing and Leburton, Jean-Pierre and Schulten, Klaus},
  journal={ACS nano},
  volume={5},
  number={11},
  pages={8842--8851},
  year={2011},
  publisher={ACS Publications}
}

@article{small2013ribosomal,
  title={Impact of ribosomal modification on the binding of the antibiotic telithromycin using a combined grand canonical monte carlo/molecular dynamics simulation approach},
  author={Small, Meagan C and Lopes, Pedro and Andrade, Rodrigo B and MacKerell Jr, Alexander D},
  year={2013}
}
