@online{raymond1994cAlignment,
    author = {Eric Raymond},
    title = {Criticism of C-FAQ submission invited},
    year = {1994},
    organization = {comp.lang.c},
    url = {http://c-faq.com/struct/align.esr.html},
    urldate = {2015-06-02},
    language  = {english},
}

@online{mount2010ann,
  author={David M. Mount},
  title={ANN Programming Manual Version 1.1},
  year={2010},
  organization = {University of Maryland},
  url = {http://cs.umd.edu/~mount/ANN/Files/1.1.2/ANNmanual_1.1.pdf},
  urldate = {2015-07-18},
  language  = {english},
}

@online{sedgewick2007unionFind,
    author = {Robert Sedgewick},
    title = {Algorithms and Data Structures Fall 2007: Union Find},
    year = {2007},
    organization = {Princeton University},
    url = {http://www.cs.princeton.edu/~rs/AlgsDS07/01UnionFind.pdf},
    urldate = {2015-06-06},
    language  = {english},
}

@inproceedings{ohara2013annAlgo,
  title={Are you using the right approximate nearest neighbor algorithm?},
  author={O'Hara, Stephen and Draper, Bruce and others},
  booktitle={Applications of Computer Vision (WACV), 2013 IEEE Workshop on},
  pages={9--14},
  year={2013},
  organization={IEEE}
}

@online{wijewardena2014annPerformance,
  author={Maheshakya Wijewardena},
  title={Performance Evaluation of Approximate Nearest Neighbour Search Implementations},
  year={2014},
  organization = {University of Moratuwa},
  url = {http://maheshakya.github.io/gsoc/2014/06/14/performance-evaluation-of-approximate-nearest-neighbor-search-implementations-part-2.html},
  urldate = {2015-06-15},
  language  = {english},
}
