@online{au2008skeletonExtractionbyMeshContraction,
    author = {Oscar Kin-Chung Au and Chiew-Lan Tai and Hung-Kuo Chu and Daniel Cohen-Or and Tong-Yee Lee},
    title = {Skeleton Extraction by Mesh Contraction},
    year = 2008,
    url = {http://www.math.tau.ac.il/~dcor/articles/2008/Skeleton-Extraction.pdf},
    urldate = {2015-02-10},
    language  = {english},
}

@incollection{blum1967descriptorsOfShape,
  citeseer = {http://citeseer.nj.nec.com/context/77000/0},
  author = {Harry Blum},
  booktitle = {Models for the Perception of Speech and Visual Form},
  editor = {Weiant Wathen-Dunn},
  optstatus = {html doi abstract},
  localfile = {papers/Blum.1967.ATF.pdf},
  title = {{A} {T}ransformation for {E}xtracting {N}ew {D}escriptors of
           {S}hape},
  address = {Cambridge},
  publisher = {MIT Press},
  year = {1967},
  pages = {362--380},
}

@article{cornea2005hierarchicalCurveSkeletons,
  title={Computing hierarchical curve-skeletons of 3D objects},
  author={Cornea, Nicu D and Silver, Deborah and Yuan, Xiaosong and Balasubramanian, Raman},
  journal={The Visual Computer},
  volume={21},
  number={11},
  pages={945--955},
  year={2005},
  publisher={Springer}
}

@article{cornea2007curveSkeletonProperties,
  title={Curve-skeleton properties, applications, and algorithms},
  author={Cornea, Nicu D and Silver, Deborah and Min, Patrick},
  journal={Visualization and Computer Graphics, IEEE Transactions on},
  volume={13},
  number={3},
  pages={530--548},
  year={2007},
  publisher={IEEE}
}

@inproceedings{dey2006CurveSkeletonsMedialGeodesicFunction,
 author = {Dey, Tamal K. and Sun, Jian},
 title = {Defining and Computing Curve-skeletons with Medial Geodesic Function},
 booktitle = {Proceedings of the Fourth Eurographics Symposium on Geometry Processing},
 series = {SGP '06},
 year = {2006},
 isbn = {3-905673-36-3},
 location = {Cagliari, Sardinia, Italy},
 pages = {143--152},
 numpages = {10},
 url = {http://dl.acm.org/citation.cfm?id=1281957.1281975},
 acmid = {1281975},
 publisher = {Eurographics Association},
 address = {Aire-la-Ville, Switzerland, Switzerland},
} 

@inproceedings{hassouna2005robustCenterlineExtraction,
  title={Robust centerline extraction framework using level sets},
  author={Hassouna, M Sabry and Farag, Aly A},
  booktitle={Computer Vision and Pattern Recognition, 2005. CVPR 2005. IEEE Computer Society Conference on},
  volume={1},
  pages={458--465},
  year={2005},
  organization={IEEE}
}

@book{katz2003meshDecomposition,
  title={Hierarchical mesh decomposition using fuzzy clustering and cuts},
  author={Katz, Sagi and Tal, Ayellet},
  volume={22},
  number={3},
  year={2003},
  publisher={ACM}
}

@INPROCEEDINGS{klasing2008efficientSegmentation, 
    author={Klasing, K. and Wollherr, D. and Buss, M.}, 
    booktitle={Robotics and Automation, 2008. ICRA 2008. IEEE International Conference on}, 
    title={A clustering method for efficient segmentation of 3D laser data}, 
    year={2008}, 
    month={May}, 
    pages={4043-4048}, 
    keywords={laser ranging;mobile robots;pattern clustering;3D laser range data segmentation;bounded nearest neighbor strategy;clustering method;mobile robot;Clustering algorithms;Clustering methods;Data structures;Laser noise;Laser radar;Mobile robots;Navigation;Nearest neighbor searches;Power lasers;Robustness}, 
    doi={10.1109/ROBOT.2008.4543832}, 
    ISSN={1050-4729},
}

@ARTICLE{ma2002TopologyPreservingReduction, 
    author={Cherng-Min Ma and Shu-Yen Wan and Jiann-Der Lee}, 
    journal={Pattern Analysis and Machine Intelligence, IEEE Transactions on}, 
    title={Three-dimensional topology preserving reduction on the 4-subfields}, 
    year={2002}, 
    month={Dec}, 
    volume={24}, 
    number={12}, 
    pages={1594-1605}, 
    keywords={computational complexity;image colour analysis;image thinning;topology;3D 4-subfield thinning algorithm;3D binary images;3D images;4-subfield approach;image thinning;medial curves;medial surfaces;three-color reduction templates;three-dimensional topology preserving reduction;time complexity;Algorithm design and analysis;Character recognition;DNA;Euclidean distance;Fingerprint recognition;Image generation;Image recognition;Information analysis;Iterative algorithms;Topology}, 
    doi={10.1109/TPAMI.2002.1114851}, 
    ISSN={0162-8828},
}

@inproceedings{sharf2007onTheFlyCurveSkeleton,
  title={On-the-fly Curve-skeleton Computation for 3D Shapes},
  author={Sharf, Andrei and Lewiner, Thomas and Shamir, Ariel and Kobbelt, Leif},
  booktitle={Computer Graphics Forum},
  volume={26},
  number={3},
  pages={323--328},
  year={2007},
  organization={Wiley Online Library}
}

@inproceedings{tagliasacchi2009curveIncompletePointCloud,
  title={Curve skeleton extraction from incomplete point cloud},
  author={Tagliasacchi, Andrea and Zhang, Hao and Cohen-Or, Daniel},
  booktitle={ACM Transactions on Graphics (TOG)},
  volume={28},
  number={3},
  pages={71},
  year={2009},
  organization={ACM}
}

@inproceedings{tagliasacchi2012meanCurvatureSkeletons,
  title={Mean curvature skeletons},
  author={Tagliasacchi, Andrea and Alhashim, Ibraheem and Olson, Matt and Zhang, Hao},
  booktitle={Computer Graphics Forum},
  volume={31},
  number={5},
  pages={1735--1744},
  year={2012},
  organization={Wiley Online Library}
}

@article{palagyi2008parallelSurfaceThinning,
    title = "A 3D fully parallel surface-thinning algorithm ",
    journal = "Theoretical Computer Science ",
    volume = "406",
    number = "1–2",
    pages = "119 - 135",
    year = "2008",
    note = "Discrete Tomography and Digital Geometry: In memory of Attila Kuba ",
    issn = "0304-3975",
    doi = "http://dx.doi.org/10.1016/j.tcs.2008.06.041",
    url = "http://www.sciencedirect.com/science/article/pii/S0304397508004350",
    author = "Kálmán Palágyi",
    keywords = "Discrete geometry",
    keywords = "Digital topology",
    keywords = "Skeleton",
    keywords = "Thinning algorithms",
    keywords = "Topology preservation ",
    abstract = "The thinning is an iterative layer by layer erosion until only the “skeletons” of the objects are left. This paper presents a thinning algorithm for extracting medial surfaces from 3D binary pictures. The strategy which is used is called fully parallel, which means that the same parallel operator is applied at each iteration. An efficient implementation of the proposed algorithm on conventional sequential computers is given and the topological correctness for (26, 6) binary pictures is proved. "
}

@inproceedings{pascucci2007computationReebGraph,
  title={Robust on-line computation of Reeb graphs: simplicity and speed},
  author={Pascucci, Valerio and Scorzelli, Giorgio and Bremer, Peer-Timo and Mascarenhas, Ajith},
  booktitle={ACM Transactions on Graphics (TOG)},
  volume={26},
  number={3},
  pages={58},
  year={2007},
  organization={ACM}
}

@article{wang2007envelopingRotiationalRegression,
  title={Real-time enveloping with rotational regression},
  author={Wang, Robert Y and Pulli, Kari and Popovi{\'c}, Jovan},
  journal={ACM Transactions on Graphics (TOG)},
  volume={26},
  number={3},
  pages={73},
  year={2007},
  publisher={ACM}
}

@ARTICLE{wang2008curveSkeletonExtraction, 
    author={Yu-Shuen Wang and Tong-Yee Lee}, 
    journal={Visualization and Computer Graphics, IEEE Transactions on}, 
    title={Curve-Skeleton Extraction Using Iterative Least Squares Optimization}, 
    year={2008}, 
    month={July}, 
    volume={14}, 
    number={4}, 
    pages={926-936}, 
    keywords={image representation;image thinning;iterative methods;optimisation;topology;3D object representation;curve-skeleton extraction;iterative least squares optimization;object geometry;object topology;shrinking;thinning algorithm;Computer Graphics;skeleton;Algorithms;Computer Graphics;Data Compression;Image Interpretation, Computer-Assisted;Imaging, Three-Dimensional;Least-Squares Analysis;Numerical Analysis, Computer-Assisted;User-Computer Interface}, 
    doi={10.1109/TVCG.2008.38}, 
    ISSN={1077-2626},
}

@inproceedings{weber2007contextAwareSkeletalShapeDeformation,
  title={Context-Aware Skeletal Shape Deformation},
  author={Weber, Ofir and Sorkine, Olga and Lipman, Yaron and Gotsman, Craig},
  booktitle={Computer Graphics Forum},
  volume={26},
  number={3},
  pages={265--274},
  year={2007},
  organization={Wiley Online Library}
}