@INPROCEEDINGS{klasing2008efficientSegmentationOf3DLaserData, 
    author={Klasing, K. and Wollherr, D. and Buss, M.}, 
    booktitle={Robotics and Automation, 2008. ICRA 2008. IEEE International Conference on}, 
    title={A clustering method for efficient segmentation of 3D laser data}, 
    year={2008}, 
    month={May}, 
    pages={4043-4048}, 
    keywords={laser ranging;mobile robots;pattern clustering;3D laser range data segmentation;bounded nearest neighbor strategy;clustering method;mobile robot;Clustering algorithms;Clustering methods;Data structures;Laser noise;Laser radar;Mobile robots;Navigation;Nearest neighbor searches;Power lasers;Robustness}, 
    doi={10.1109/ROBOT.2008.4543832}, 
    ISSN={1050-4729},
}

@article{trevor2013efficient,
  title={Efficient organized point cloud segmentation with connected components},
  journal={Semantic Perception Mapping and Exploration (SPME)},
  author={Trevor, Alexander JB and Gedikli, Suat and Rusu, Radu B and Christensen, Henrik I},
  year={2013},
}